@string{apjl="ApJL"}
@string{apj="ApJ"}
@string{araa ="ARA\&A"}
@string{aj ="AJ"}
@string{mnras ="MNRAS"}
@string{aas="American Astronomical Society Meeting."}
@string{apjs="ApJS"}
@string{aass="A\&AS"}
@string {aap="A\&A"}
@string {aaps="A\&ASS"}
@string{jrasc="JRASC"}
@string{nature="Nature"}
@string{sciam="Scientific American"}
@string{astroph="astro-ph/"}
@string{pasp="PASP"}
@string{pasa="PASA"}
@string{mna1="Métodos Numéricos Avanzados 93.30, Práctica 1."}

@ARTICLE{diaz10,
    author = {{Díaz}, A. and {Noni}, M.~L.},
    title = "{Métodos Numéricos Avanzados 93.30, Práctica 1.}",
    year = 2010,
    month = feb,
    pages = {6},
    journal = mna1,
    adsnote = {Provisto por la cátedra del ITBA}
}

@ARTICLE{bou98,
    author = {{Bourke}, P.},
    title = "{Image Filtering in the Frequency Domain}",
    journal = none,
    year = 1998,
    month = jun,
    url = {http://local.wasp.uwa.edu.au/~pbourke/miscellaneous/imagefilter/},
    adsnote = {Disponible en la web.}
}

@ARTICLE{wiki10,
    author = {{Wikipedia}},
    title = "{A New I-Band Tully-Fisher Relation for the Fornax Cluster: Implication for the Fornax Distance and Local Supercluster Velocity Field}",
    journal = none,
    year = 2010,
    month = oct,
    url = {http://en.wikipedia.org/wiki/Frequency_domain},
    adsnote = {Disponible en la web.}
}
@ARTICLE{wolf10,
    author = {{Wolfram Research}},
    title = "{Fourier Transform}",
    journal = none,
    year = 2010,
    month = oct,
    url = {http://mathworld.wolfram.com/FourierTransform.html},
    adsnote = {Disponible en la web.}
}

@ARTICLE{jen98,
    author = {{Jensen}, J.~B. and {Tonry}, J.~L. and {Luppino}, G.~A.},
    title = "{Measuring Distances Using Infrared Surface Brightness Fluctuations}",
    journal = apj,
    year = 1998,
    month = sep,
    volume = 505,
    pages = {111-128},
    url = {http://adsabs.harvard.edu/cgi-bin/nph-bib_query?bibcode=1998ApJ...505..111J&db_key=AST},
    adsnote = {Provided by the NASA Astrophysics Data System}
}
@ARTICLE{koh96,
    author = {{Kohle}, S. and {Kissler-Patig}, M. and {Hilker}, M. and {Richtler}, T. and 
        {Infante}, L. and {Quintana}, H.},
    title = "{The distance of the Fornax cluster based on globular cluster luminosity functions.}",
    journal = aap,
    year = 1996,
    month = may,
    volume = 309,
    pages = {L39-LL42},
    url = {http://adsabs.harvard.edu/cgi-bin/nph-bib_query?bibcode=1996A%26A...309L..39K&db_key=AST},
    adsnote = {Provided by the NASA Astrophysics Data System}
}

@ARTICLE{kor96,
    author = {{Kormendy}, J. and {Bender}, R.},
    title = "{A Proposed Revision of the Hubble Sequence for Elliptical Galaxies}",
    journal = apjl,
    year = 1996,
    month = jun,
    volume = 464,
    pages = {L119-+},
    url = {http://adsabs.harvard.edu/cgi-bin/nph-bib_query?bibcode=1996ApJ...464L.119K&db_key=AST},
    adsnote = {Provided by the NASA Astrophysics Data System}
}

@ARTICLE{mcm93,
    author = {{McMillan}, R. and {Ciardullo}, R. and {Jacoby}, G.~H.},
    title = "{Planetary Nebulae as Standard Candles. IX. The Distance to the Fornax Cluster}",
    journal = apj,
    year = 1993,
    month = oct,
    volume = 416,
    pages = {62-+},
    url = {http://adsabs.harvard.edu/cgi-bin/nph-bib_query?bibcode=1993ApJ...416...62M&db_key=AST},
    adsnote = {Provided by the NASA Astrophysics Data System}
}

@ARTICLE{sil98,
    author = {{Silbermann}, N.~A. and {Harding}, P. and {Ferrarese}, L. and 
        {Stetson}, P.~B. and {Madore}, B.~F. and {Kennicutt}, R.~C. and 
        {Freedman}, W.~L. and {Mould}, J.~R. and {Bresolin}, F. and 
        {Ford}, H. and {Gibson}, B.~K. and {Graham}, J.~A. and {Han}, M. and 
        {Hoessel}, J.~G. and {Hill}, R.~J. and {Huchra}, J. and {Hughes}, S.~M.~G. and 
        {Illingworth}, G.~D. and {Kelson}, D. and {Macri}, L. and {Phelps}, R. and 
        {Rawson}, D. and {Sakai}, S. and {Turner}, A.},
    title = "{The Hubble Space Telescope Key Project on the Extragalactic Distance Scale. XIV. The Cepheids in NGC 1365}",
    journal = apj,
    year = 1999,
    month = apr,
    volume = 515,
    pages = {1-28},
    url = {http://adsabs.harvard.edu/cgi-bin/nph-bib_query?bibcode=1999ApJ...515....1S&db_key=AST},
    adsnote = {Provided by the NASA Astrophysics Data System}
}
@ARTICLE{infall,
    author = {{Balogh}, M.~ L. and {Navarro}, J.~ F. and {Morris}, S.~ L.},
    title = "The Origin of Star Formation Gradients in Rich Galaxy Clusters",
    journal = apj,
    year = 2000,
    month = sep,
    volume = 540,
    pages = {113--121},
    url = {http://adsabs.harvard.edu/cgi-bin/nph-bib_query?bibcode=2000ApJ...540..113B&db_key=AST},
    adsnote = {Provided by the NASA Astrophysics Data System}
}
