@string{apjl="ApJL"}
@string{apj="ApJ"}
@string{araa ="ARA\&A"}
@string{aj ="AJ"}
@string{mnras ="MNRAS"}
@string{aas="American Astronomical Society Meeting."}
@string{apjs="ApJS"}
@string{aass="A\&AS"}
@string {aap="A\&A"}
@string {aaps="A\&ASS"}
@string{jrasc="JRASC"}
@string{nature="Nature"}
@string{sciam="Scientific American"}
@string{astroph="astro-ph/"}
@string{pasp="PASP"}
@string{pasa="PASA"}

@ARTICLE{bar96,
    author = {{Barger}, A.~J. and {Aragon-Salamanca}, A. and {Ellis}, R.~S. and 
        {Couch}, W.~J. and {Smail}, I. and {Sharples}, R.~M.},
    title = "{The life-cycle of star formation in distant clusters}",
    journal = mnras,
    year = 1996,
    month = mar,
    volume = 279,
    pages = {1-24},
    url = {http://adsabs.harvard.edu/cgi-bin/nph-bib_query?bibcode=1996MNRAS.279....1B&db_key=AST},
    adsnote = {Provided by the NASA Astrophysics Data System}
}

@ARTICLE{bau96,
    author = {{Baugh}, C.~M. and {Cole}, S. and {Frenk}, C.~S.},
    title = "{Evolution of the Hubble sequence in hierarchical models for galaxy formation}",
    journal = mnras,
    year = 1996,
    month = dec,
    volume = 283,
    pages = {1361-1378},
    url = {http://adsabs.harvard.edu/cgi-bin/nph-bib_query?bibcode=1996MNRAS.283.1361B&db_key=AST},
    adsnote = {Provided by the NASA Astrophysics Data System}
}

@ARTICLE{bure96,
    author = {{Bureau}, M. and {Mould}, J.~R. and {Staveley-Smith}, L.},
    title = "{A New I-Band Tully-Fisher Relation for the Fornax Cluster: Implication for the Fornax Distance and Local Supercluster Velocity Field}",
    journal = apj,
    year = 1996,
    month = may,
    volume = 463,
    pages = {60-+},
    url = {http://adsabs.harvard.edu/cgi-bin/nph-bib_query?bibcode=1996ApJ...463...60B&db_key=AST},
    adsnote = {Provided by the NASA Astrophysics Data System}
}
@Book{hub36,
  author =	 {E P Hubble},
  title =	 {The Realm of the Nebulae},
  publisher =	 {Yale University Press},
  year =	 {1936},
  address =	 {New Haven}
}

@ARTICLE{jen98,
    author = {{Jensen}, J.~B. and {Tonry}, J.~L. and {Luppino}, G.~A.},
    title = "{Measuring Distances Using Infrared Surface Brightness Fluctuations}",
    journal = apj,
    year = 1998,
    month = sep,
    volume = 505,
    pages = {111-128},
    url = {http://adsabs.harvard.edu/cgi-bin/nph-bib_query?bibcode=1998ApJ...505..111J&db_key=AST},
    adsnote = {Provided by the NASA Astrophysics Data System}
}
@ARTICLE{koh96,
    author = {{Kohle}, S. and {Kissler-Patig}, M. and {Hilker}, M. and {Richtler}, T. and 
        {Infante}, L. and {Quintana}, H.},
    title = "{The distance of the Fornax cluster based on globular cluster luminosity functions.}",
    journal = aap,
    year = 1996,
    month = may,
    volume = 309,
    pages = {L39-LL42},
    url = {http://adsabs.harvard.edu/cgi-bin/nph-bib_query?bibcode=1996A%26A...309L..39K&db_key=AST},
    adsnote = {Provided by the NASA Astrophysics Data System}
}

@ARTICLE{kor96,
    author = {{Kormendy}, J. and {Bender}, R.},
    title = "{A Proposed Revision of the Hubble Sequence for Elliptical Galaxies}",
    journal = apjl,
    year = 1996,
    month = jun,
    volume = 464,
    pages = {L119-+},
    url = {http://adsabs.harvard.edu/cgi-bin/nph-bib_query?bibcode=1996ApJ...464L.119K&db_key=AST},
    adsnote = {Provided by the NASA Astrophysics Data System}
}

@ARTICLE{mcm93,
    author = {{McMillan}, R. and {Ciardullo}, R. and {Jacoby}, G.~H.},
    title = "{Planetary Nebulae as Standard Candles. IX. The Distance to the Fornax Cluster}",
    journal = apj,
    year = 1993,
    month = oct,
    volume = 416,
    pages = {62-+},
    url = {http://adsabs.harvard.edu/cgi-bin/nph-bib_query?bibcode=1993ApJ...416...62M&db_key=AST},
    adsnote = {Provided by the NASA Astrophysics Data System}
}

@ARTICLE{sil98,
    author = {{Silbermann}, N.~A. and {Harding}, P. and {Ferrarese}, L. and 
        {Stetson}, P.~B. and {Madore}, B.~F. and {Kennicutt}, R.~C. and 
        {Freedman}, W.~L. and {Mould}, J.~R. and {Bresolin}, F. and 
        {Ford}, H. and {Gibson}, B.~K. and {Graham}, J.~A. and {Han}, M. and 
        {Hoessel}, J.~G. and {Hill}, R.~J. and {Huchra}, J. and {Hughes}, S.~M.~G. and 
        {Illingworth}, G.~D. and {Kelson}, D. and {Macri}, L. and {Phelps}, R. and 
        {Rawson}, D. and {Sakai}, S. and {Turner}, A.},
    title = "{The Hubble Space Telescope Key Project on the Extragalactic Distance Scale. XIV. The Cepheids in NGC 1365}",
    journal = apj,
    year = 1999,
    month = apr,
    volume = 515,
    pages = {1-28},
    url = {http://adsabs.harvard.edu/cgi-bin/nph-bib_query?bibcode=1999ApJ...515....1S&db_key=AST},
    adsnote = {Provided by the NASA Astrophysics Data System}
}
@ARTICLE{infall,
    author = {{Balogh}, M.~ L. and {Navarro}, J.~ F. and {Morris}, S.~ L.},
    title = "The Origin of Star Formation Gradients in Rich Galaxy Clusters",
    journal = apj,
    year = 2000,
    month = sep,
    volume = 540,
    pages = {113--121},
    url = {http://adsabs.harvard.edu/cgi-bin/nph-bib_query?bibcode=2000ApJ...540..113B&db_key=AST},
    adsnote = {Provided by the NASA Astrophysics Data System}
}